<?xml version="1.0" encoding="UTF-8"?><record xmlns="http://www.loc.gov/MARC21/slim" xmlns:cinclude="http://apache.org/cocoon/include/1.0" xmlns:zs="http://www.loc.gov/zing/srw/">
  <leader>00485cz  a2200133n  4500</leader>
  <controlfield tag="001">n  87803808 </controlfield>
  <controlfield tag="003">DLC</controlfield>
  <controlfield tag="005">20141209095945.0</controlfield>
  <controlfield tag="008">870121n| azannaab           |a ana      </controlfield>
  <datafield tag="010" ind1=" " ind2=" ">
    <subfield code="a">n  87803808 </subfield>
  </datafield>
  <datafield tag="040" ind1=" " ind2=" ">
    <subfield code="a">DLC</subfield>
    <subfield code="b">eng</subfield>
    <subfield code="e">rda</subfield>
    <subfield code="c">DLC</subfield>
    <subfield code="d">DLC</subfield>
  </datafield>
  <datafield tag="110" ind1="2" ind2=" ">
    <subfield code="a">Joint Electron Device Engineering Council</subfield>
  </datafield>
  <datafield tag="410" ind1="2" ind2="0">
    <subfield code="a">JEDEC</subfield>
  </datafield>
  <datafield tag="670" ind1=" " ind2=" ">
    <subfield code="a">nuc87-5191: Electronic Industries Assoc. Engineering Dept. 1982 catalog of EIA ... 1982?</subfield>
    <subfield code="b">(hdg. on CLU-P rept.: Joint Electron Device Engineering Council; variant, JEDEC)</subfield>
  </datafield>
</record>